@inproceedings{Li:2004:TTP:1029632.1029671,
 author = {Li, Yang and Hong, Jason I. and Landay, James A.},
 title = {Topiary: a tool for prototyping location-enhanced applications},
 booktitle = {Proceedings of the 17th annual ACM symposium on User interface software and technology},
 series = {UIST '04},
 year = {2004},
 isbn = {1-58113-957-8},
 location = {Santa Fe, NM, USA},
 pages = {217--226},
 numpages = {10},
 url = {http://doi.acm.org/10.1145/1029632.1029671},
 doi = {10.1145/1029632.1029671},
 acmid = {1029671},
 publisher = {ACM},
 address = {New York, NY, USA},
 keywords = {Wizard of Oz, context-aware, informal user interface, location-enhanced, prototyping, ubiquitous computing},
}

@article{Rashid:2006:ECL:1111293.1111302,
 author = {Rashid, Omer and Mullins, Ian and Coulton, Paul and Edwards, Reuben},
 title = {Extending cyberspace: location based games using cellular phones},
 journal = {Comput. Entertain.},
 issue_date = {January 2006},
 volume = {4},
 number = {1},
 month = jan,
 year = {2006},
 issn = {1544-3574},
 articleno = {4},
 url = {http://doi.acm.org/10.1145/1111293.1111302},
 doi = {10.1145/1111293.1111302},
 acmid = {1111302},
 publisher = {ACM},
 address = {New York, NY, USA},
 keywords = {cellular phones, location-based games, location-sensing},
}

@inproceedings{Falk:2001:PPI:634067.634140,
 author = {Falk, Jennica and Ljungstrand, Peter and Bj\"{o}rk, Staffan and Hansson, Rebecca},
 title = {Pirates: proximity-triggered interaction in a multi-player game},
 booktitle = {CHI '01 extended abstracts on Human factors in computing systems},
 series = {CHI EA '01},
 year = {2001},
 isbn = {1-58113-340-5},
 location = {Seattle, Washington},
 pages = {119--120},
 numpages = {2},
 url = {http://doi.acm.org/10.1145/634067.634140},
 doi = {10.1145/634067.634140},
 acmid = {634140},
 publisher = {ACM},
 address = {New York, NY, USA},
 keywords = {handheld computers, proximity, social interaction, wireless computer games},
}

@inproceedings{Takayama:2003:YGW:765891.766131,
 author = {Takayama, Leila and Leung, Lawrence and Jiang, Xiaodong and Hong, Jason I.},
 title = {You're getting warmer!: how proximity information affects search behavior in physical spaces},
 booktitle = {CHI '03 extended abstracts on Human factors in computing systems},
 series = {CHI EA '03},
 year = {2003},
 isbn = {1-58113-637-4},
 location = {Ft. Lauderdale, Florida, USA},
 pages = {1028--1029},
 numpages = {2},
 url = {http://doi.acm.org/10.1145/765891.766131},
 doi = {10.1145/765891.766131},
 acmid = {766131},
 publisher = {ACM},
 address = {New York, NY, USA},
 keywords = {BuddySystem, Wizard of Oz, proximity sensing},
}

@inproceedings{Persson:2001:GSE:634067.634097,
 author = {Persson, Per and Espinoza, Fredrik and Cacciatore, Elenor},
 title = {GeoNotes: social enhancement of physical space},
 booktitle = {CHI '01 extended abstracts on Human factors in computing systems},
 series = {CHI EA '01},
 year = {2001},
 isbn = {1-58113-340-5},
 location = {Seattle, Washington},
 pages = {43--44},
 numpages = {2},
 url = {http://doi.acm.org/10.1145/634067.634097},
 doi = {10.1145/634067.634097},
 acmid = {634097},
 publisher = {ACM},
 address = {New York, NY, USA},
 keywords = {CSCW, augmented reality, positioning technology, social awareness, social navigation},
}

@inproceedings{Fagerberg:2003:PAU:765891.766016,
 author = {Fagerberg, Petra and Espinoza, Fredrik and Persson, Per},
 title = {What is a place?: allowing users to name and define places},
 booktitle = {CHI '03 extended abstracts on Human factors in computing systems},
 series = {CHI EA '03},
 year = {2003},
 isbn = {1-58113-637-4},
 location = {Ft. Lauderdale, Florida, USA},
 pages = {828--829},
 numpages = {2},
 url = {http://doi.acm.org/10.1145/765891.766016},
 doi = {10.1145/765891.766016},
 acmid = {766016},
 publisher = {ACM},
 address = {New York, NY, USA},
 keywords = {location-based information systems, place, positioning},
}

@inproceedings{Dey:2004:CPD:985692.985697,
 author = {Dey, Anind K. and Hamid, Raffay and Beckmann, Chris and Li, Ian and Hsu, Daniel},
 title = {a CAPpella: programming by demonstration of context-aware applications},
 booktitle = {Proceedings of the SIGCHI conference on Human factors in computing systems},
 series = {CHI '04},
 year = {2004},
 isbn = {1-58113-702-8},
 location = {Vienna, Austria},
 pages = {33--40},
 numpages = {8},
 url = {http://doi.acm.org/10.1145/985692.985697},
 doi = {10.1145/985692.985697},
 acmid = {985697},
 publisher = {ACM},
 address = {New York, NY, USA},
 keywords = {context-aware computing, end-user programming, programming-by-demonstration, statistical machine learning},
}

@INPROCEEDINGS{4351331, 
author={Ardito, C. and Buono, P. and Costabile, M.F. and Lanzilotti, R. and Pederson, T.}, 
booktitle={Visual Languages and Human-Centric Computing, 2007. VL/HCC 2007. IEEE Symposium on}, title={Mobile games to foster the learning of history at archaeological sites}, 
year={2007}, 
month={sept.}, 
volume={}, 
number={}, 
pages={81 -86}, 
keywords={archaeological sites;cellular phones;game-play;history learning;mobile games;mobile technology;students learning history;computer aided instruction;computer games;history;mobile computing;}, 
doi={10.1109/VLHCC.2007.54}, 
ISSN={},}

@article{Benford_Rowland_Hull_Reid_Morrison_Facer_Clayton_2004,
 title={“Savannah”: designing a location-based game simulating lion behaviour},
 url={http://eprints.lincoln.ac.uk/659/},
 journal={Proceedings of Conference on Advances in Computer Entertainment ACE},
 publisher={MobileBristol},
 author={Benford, Steve and Rowland, Duncan and Hull, Richard and Reid, Jo and Morrison, Jo and Facer, Keri and Clayton, Ben}, year={2004}
}

@INPROCEEDINGS{512740, 
author={Schilit, B. and Adams, N. and Want, R.}, 
booktitle={Mobile Computing Systems and Applications, 1994. Proceedings., Workshop on}, title={Context-aware computing applications}, 
year={1994}, 
month={dec}, 
volume={}, 
number={}, 
pages={85 -90}, 
keywords={ PARCTAB; automatic contextual reconfiguration; content-triggered actions; context-aware computing applications; contextual commands; contextual information; individual's changing context; interactions; navigation; proximate environment; proximate selection; reactive systems; wireless palm-sized computer; computerised navigation; data communication equipment; mobile communication; notebook computers; wireless LAN;}, 
doi={10.1109/MCSA.1994.512740}, 
ISSN={},}

@inproceedings{Holloway:2010:CEP:1882362.1882398,
 author = {Holloway, Seth and Julien, Christine},
 title = {The case for end-user programming of ubiquitous computing environments},
 booktitle = {Proceedings of the FSE/SDP workshop on Future of software engineering research},
 series = {FoSER '10},
 year = {2010},
 isbn = {978-1-4503-0427-6},
 location = {Santa Fe, New Mexico, USA},
 pages = {167--172},
 numpages = {6},
 url = {http://doi.acm.org/10.1145/1882362.1882398},
 doi = {10.1145/1882362.1882398},
 acmid = {1882398},
 publisher = {ACM},
 address = {New York, NY, USA},
 keywords = {end-user programming, software engineering, ubiquitous computing, vision},
}

@article{Tang:2011:SRD:1961000.1961032,
 author = {Tang, Lei and Yu, Zhiwen and Zhou, Xingshe and Wang, Hanbo and Becker, Christian},
 title = {Supporting rapid design and evaluation of pervasive applications: challenges and solutions},
 journal = {Personal Ubiquitous Comput.},
 issue_date = {March     2011},
 volume = {15},
 number = {3},
 month = {mar},
 year = {2011},
 issn = {1617-4909},
 pages = {253--269},
 numpages = {17},
 url = {http://dx.doi.org/10.1007/s00779-010-0332-6},
 doi = {10.1007/s00779-010-0332-6},
 acmid = {1961032},
 publisher = {Springer-Verlag},
 address = {London, UK, UK},
}

@incollection {springerlink:10.1007/11555261_73,
   author = {Häkkilä, Jonna and Korpipää, Panu and Ronkainen, Sami and Tuomela, Urpo},
   affiliation = {Nokia Multimedia, Yrttipellontie 6, 90230 Oulu, Finland},
   title = {Interaction and End-User Programming with a Context-Aware Mobile Application},
   booktitle = {Human-Computer Interaction - INTERACT 2005},
   series = {Lecture Notes in Computer Science},
   editor = {Costabile, Maria and Paternò, Fabio},
   publisher = {Springer Berlin / Heidelberg},
   isbn = {978-3-540-28943-2},
   keyword = {Computer Science},
   pages = {927-937},
   volume = {3585},
   url = {http://dx.doi.org/10.1007/11555261_73},
   note = {10.1007/11555261_73},
   year = {2005}
}

@BOOK{Geary:3,
  title = {Core JavaServer Faces, Third Edition},
  author = {David Geary},
  publisher = {Prantice Hall, Cay Horstmann},
  year = {2010},
  isbn = {0-13-701289-6},
  optedition = {third}
}

@BOOK{Coulouris:2005,
  title = {Distributed Systems Concepts and Design},
  publisher = {Addison Wesley},
  year = {2005},
  pages = {657, 675--677},
  altauthor = {George Coulouris and Jean Dollimore and Tim Knindberg},
  alteditor = {Editor},
  isbn = {0321263545},
  optedition = {fourth}
}

@PhdThesis{Fielding:2000,
  author        =        {Roy Thomas Fielding},
  title         =        {Architectural Styles and the Design of Network-based Software Architectures},
  school        =        {University of California, Irvine},
  year          =        {2000}
}

@MISC{wiki,
  howpublished = {\url{http://www.wikipedia.org/}}
}

@MISC{wiki_spring,
  howpublished = {\url{http://static.springsource.org/spring/docs/3.1.x/spring-framework-reference/html/}}
}

@MISC{tomcat_spring,
  howpublished = {\url{http://www.springsource.com/files/uploads/all/pdf_files/news_event/Spring-and-Tomcat-The-Perfect-Match.pdf}}
}